<record><leader>00000cas a22000007a 4500</leader><controlfield tag="001">18046298</controlfield><controlfield tag="008">880607c19389999iauwr ne      0    0eng d</controlfield><datafield ind1=" " ind2=" " tag="010"><subfield code="a">sn 88059607 </subfield></datafield><datafield ind1=" " ind2=" " tag="040"><subfield code="a">INP</subfield><subfield code="b">eng</subfield><subfield code="c">INP</subfield><subfield code="d">OCLCQ</subfield></datafield><datafield ind1=" " ind2=" " tag="042"><subfield code="a">msc</subfield></datafield><datafield ind1="0" ind2=" " tag="130"><subfield code="a">Belmond independent (Belmond, Iowa : 1938)</subfield></datafield><datafield ind1="1" ind2="0" tag="245"><subfield code="a">Belmond independent.</subfield></datafield><datafield ind1=" " ind2=" " tag="260"><subfield code="a">Belmond, Wright County, Iowa :</subfield><subfield code="b">Belmond Pub. Co.,</subfield><subfield code="c">1938-</subfield></datafield><datafield ind1=" " ind2=" " tag="300"><subfield code="a">v.</subfield></datafield><datafield ind1=" " ind2=" " tag="310"><subfield code="a">Weekly</subfield></datafield><datafield ind1="0" ind2=" " tag="362"><subfield code="a">Vol. 20, no. 3 (Nov. 17, 1938)-</subfield></datafield><datafield ind1=" " ind2=" " tag="500"><subfield code="a">Publisher varies.</subfield></datafield><datafield ind1=" " ind2=" " tag="752"><subfield code="a">United States</subfield><subfield code="b">Iowa</subfield><subfield code="c">Wright</subfield><subfield code="d">Belmond.</subfield></datafield><datafield ind1="0" ind2="0" tag="780"><subfield code="t">Belmond independent and herald-press</subfield><subfield code="w">(DLC)sn 88059606</subfield></datafield><datafield ind1="0" ind2="5" tag="780"><subfield code="t">Belmond advertiser</subfield></datafield></record>